@book{RusselNorvig2010,
  Author = {Stuart Russell and Peter Norvig},
  Title = {Artificial Intelligence: International Version: A Modern Approach},
  Publisher = {Pearson},
  Year = {2010}
}

@book{Woolridge2009,
  Author = {Michael Wooldridge},
  Title = {An Introduction to MultiAgent Systems},
  Publisher = {Wiley},
  Year = {2009}}
  
  @Inbook{Bellifemine2001,
author="Bellifemine, Fabio
and Poggi, Agostino
and Rimassa, Giovanni",
editor="Castelfranchi, Cristiano
and Lesp{\'e}rance, Yves",
title="Developing Multi-agent Systems with JADE",
bookTitle="Intelligent Agents VII Agent Theories Architectures and Languages: 7th International Workshop, ATAL 2000 Boston, 2000 Proceedings",
year="2001",
publisher="Springer Berlin Heidelberg",
pages="89--103"
}